<?xml version="1.0" encoding="UTF-8"?><collection xmlns="http://www.loc.gov/MARC21/slim"><record><leader>00376nam--2200121-i-4500</leader><controlfield tag="001">000044943</controlfield><controlfield tag="002">20161230</controlfield><controlfield tag="005">20161230201044</controlfield><controlfield tag="008">060222s1000------------r-----000-0-eng-d</controlfield><datafield ind1=" " ind2=" " tag="100"><subfield code="a">Tjagunov, G.A</subfield></datafield><datafield ind1=" " ind2=" " tag="245"><subfield code="a">Elektronen-und ionenrohren. elektrische entladungen im hochvakuum in gasen und dampfen. deutsche ubersetzung</subfield></datafield><datafield ind1=" " ind2=" " tag="260"><subfield code="a">Halle, Veb, Knapp, 1954, Viii+285p</subfield></datafield><datafield ind1=" " ind2=" " tag="852"><subfield code="a">4893</subfield></datafield></record></collection>